@course{saclay-analyse-course,
  author = {Christian Gérard},
  year = {2024-2025},
  title = {Cours Magistral d'Analyse et Géométrie (OLMA251) à l'Université Paris-Saclay},
  university={Université Paris-Saclay}
}
@book{grifone,
    title = {Analyse et Géométrie (OLMA251)},
    language = {fre},
    author = {Christian Gérard},
}

