@course{saclay-linalg-course,
  author = {Johannes Anschütz},
  year = {2024-2025},
  title = {Algèbre linéaire 2 (OLMA252)},
  university={Université Paris-Saclay}
}
@book{grifone,
    publisher = {Toulouse: Cépaduès Éditions , DL 2011},
    isbn = {978-2-85428-962-6},
    year = {2011},
    title = {Algèbre linéaire},
    edition = {4e édition.},
    language = {fre},
    author = {Grifone Joseph},
    keywords = {Algèbre linéaire},
    lccn = {978-2-85428-962-6},
}

@software{korotenko-sci-trans-git,
    author = {Yehor Korotenko},
    title = {sci-trans-git},
    year = {2025},
    publisher = {GitHub},
    version = {0.2.0-alpha},
    url = {https://github.com/DobbiKov/sci-trans-git},
    doi = {10.5281/zenodo.15775111}
}

